@article{ecg_history,
    author = {AlGhatrif M, Lindsay J},
    title = {A brief review: history to understand fundamentals of electrocardiography},
    journal = {J Community Hosp Intern Med Perspect.},
    year={2012},
    url = {https://www.ncbi.nlm.nih.gov/pmc/articles/PMC3714093/},
    doi = {10.3402/jchimp.v2i1.14383},
}
@article{ecg_moderno,
    author = {Samol, et al.},
    title = {Recording of Bipolar Multichannel ECGs by a Smartwatch: Modern ECG Diagnostic 100 Years after Einthoven},
    journal = {Sensors (Basel).},
    year={2019},
    url = {https://www.ncbi.nlm.nih.gov/pmc/articles/PMC6651039/},
    doi = {10.3390/s19132894},
}
@book{ecg_workings,
    author          = {Ashley EA, Niebauer J.},
    title           = {Cardiology Explained.},
    year            = {2004},
    publisher       = {Remedica},
    url             = {https://www.ncbi.nlm.nih.gov/books/NBK2214/},
    chapter         = {Chapter 3, Conquering the ECG.}
}
@misc{ecg_signal_amp,
    author       = {Queens University - Department of Emergency Medicine},
    title        = {Analysis and Interpretation of the Electrocardiogram},
    url          = {https://elentra.healthsci.queensu.ca/assets/modules/ts-ecg/normal\_ecg.html}
}
@article{ecg_signal_freq,
    author          = {Murugappan M, Murugappan S, Zheng BS.},
    journal         = {J Phys Ther Sci.},
    title           = {Frequency Band Analysis of Electrocardiogram (ECG) Signals for Human Emotional State Classification Using Discrete Wavelet Transform},
    year            = {2013},
    url             = {https://www.ncbi.nlm.nih.gov/pmc/articles/PMC3820413/}
}
@misc{ada4530,
    author       = {Analog Devices},
    title        = {Data Sheet ADA4530-1},
    url          = {https://www.analog.com/media/en/technical-documentation/data-sheets/ADA4530-1.pdf}
}
@misc{ads1115,
    author        = {Texas Instruments},
    title         = {Data Sheet ADS111x},
    url           = {https://www.ti.com/lit/ds/symlink/ads1114.pdf}
}
@misc{nucleo,
    title={STM32 Nucleo-64 development board},
    url={https://www.st.com/en/evaluation-tools/nucleo-f401re.html}
}
@misc{repository,
    title={Trabajo Práctico - Medidas Electrónicas 1},
    url={https://github.com/brunogle/me1-proyecto}
}   
@misc{neurokit2,
    title="NeuroKit2: The Python Toolbox for Neurophysiological Signal Processing",
    url="https://github.com/neuropsychology/NeuroKit"
}
@misc{pyqt5,
    title="PyQt5",
    url="https://pypi.org/project/PyQt5/"
}
@article{psvt,
title = {Paroxysmal Supraventricular Tachycardia: Pathophysiology, Diagnosis, and Management},
journal = {Critical Care Nursing Clinics of North America},
volume = {28},
number = {3},
pages = {309-316},
year = {2016},
note = {Cardiac Arrhythmias},
issn = {0899-5885},
doi = {https://doi.org/10.1016/j.cnc.2016.04.005},
url = {https://www.sciencedirect.com/science/article/pii/S0899588516300314},
author = {Salah S. Al-Zaiti and Kathy S. Magdic},
keywords = {Paroxysmal supraventricular tachycardia, Wolff-Parkinson-White syndrome, Supraventricular arrhythmia, Accessory pathways}
}
@article{shannon_sampling,
  author={Shannon, C.E.},
  journal={Proceedings of the IRE}, 
  title={Communication in the Presence of Noise}, 
  year={1949},
  volume={37},
  number={1},
  pages={10-21},
  keywords={Electron tubes;Voltage;Bandwidth;Circuits;Shape;Klystrons;Frequency measurement;Gain measurement;Communication systems;Telephony},
  doi={10.1109/JRPROC.1949.232969}}
@inproceedings{ecg_noise,
  title={Noise Analysis and Different Denoising Techniques of ECG Signal - A Survey},
  author={Aswathy Velayudhan and Soniya Peter},
  year={2016},
  url={https://api.semanticscholar.org/CorpusID:36175816}
}